<record><leader>00000cas a2200000 a 4500</leader><controlfield tag="001">31005249</controlfield><controlfield tag="008">940816d19681968cau x ne      0    0eng c</controlfield><datafield ind1=" " ind2=" " tag="010"><subfield code="a">sn 00062018 </subfield></datafield><datafield ind1=" " ind2=" " tag="040"><subfield code="a">TEU</subfield><subfield code="b">eng</subfield><subfield code="c">TEU</subfield><subfield code="d">CVF</subfield><subfield code="d">CUV</subfield><subfield code="d">OCLCQ</subfield><subfield code="d">OCLCF</subfield><subfield code="d">OCL</subfield></datafield><datafield ind1=" " ind2=" " tag="019"><subfield code="a">25849473</subfield></datafield><datafield ind1=" " ind2=" " tag="042"><subfield code="a">pcc</subfield></datafield><datafield ind1=" " ind2=" " tag="043"><subfield code="a">n-us-ca</subfield></datafield><datafield ind1="0" ind2="4" tag="245"><subfield code="a">The grass profit review.</subfield></datafield><datafield ind1="3" ind2=" " tag="246"><subfield code="a">Freesheet</subfield></datafield><datafield ind1=" " ind2=" " tag="260"><subfield code="a">Berkeley [Calif. :</subfield><subfield code="b">s.n.],</subfield><subfield code="c">1968-</subfield></datafield><datafield ind1=" " ind2=" " tag="300"><subfield code="a">v. :</subfield><subfield code="b">ill. ;</subfield><subfield code="c">28 cm.</subfield></datafield><datafield ind1=" " ind2=" " tag="310"><subfield code="a">Irregular,</subfield><subfield code="b">Jun. 10, 1968-&gt;</subfield></datafield><datafield ind1=" " ind2=" " tag="321"><subfield code="a">Weekly,</subfield><subfield code="b">Mar. 11-Apr. 8, 1968</subfield></datafield><datafield ind1="0" ind2=" " tag="362"><subfield code="a">No. 1 (Mar. 11, 1968)-</subfield></datafield><datafield ind1="1" ind2=" " tag="362"><subfield code="a">Ceased in 1968?</subfield></datafield><datafield ind1=" " ind2=" " tag="588"><subfield code="a">Latest issue consulted: No. 10 (20 Oct. 1968).</subfield></datafield><datafield ind1=" " ind2="0" tag="650"><subfield code="a">Hippies</subfield><subfield code="z">California</subfield><subfield code="v">Newspapers.</subfield></datafield><datafield ind1=" " ind2="0" tag="650"><subfield code="a">Drug traffic</subfield><subfield code="v">Newspapers.</subfield></datafield><datafield ind1=" " ind2="0" tag="651"><subfield code="a">United States</subfield><subfield code="x">Social conditions</subfield><subfield code="y">1960-1980</subfield><subfield code="v">Newspapers.</subfield></datafield><datafield ind1=" " ind2="0" tag="651"><subfield code="a">Berkeley (Calif.)</subfield><subfield code="v">Newspapers.</subfield></datafield><datafield ind1=" " ind2="0" tag="650"><subfield code="a">Hallucinogenic drugs</subfield><subfield code="v">Newspapers.</subfield></datafield><datafield ind1=" " ind2="7" tag="650"><subfield code="a">Drug traffic.</subfield><subfield code="2">fast</subfield><subfield code="0">(OCoLC)fst00898722</subfield></datafield><datafield ind1=" " ind2="7" tag="650"><subfield code="a">Hallucinogenic drugs.</subfield><subfield code="2">fast</subfield><subfield code="0">(OCoLC)fst00950651</subfield></datafield><datafield ind1=" " ind2="7" tag="650"><subfield code="a">Hippies.</subfield><subfield code="2">fast</subfield><subfield code="0">(OCoLC)fst00957243</subfield></datafield><datafield ind1=" " ind2="7" tag="650"><subfield code="a">Social conditions</subfield><subfield code="2">fast</subfield><subfield code="0">(OCoLC)fst01919811</subfield></datafield><datafield ind1=" " ind2="7" tag="651"><subfield code="a">California.</subfield><subfield code="2">fast</subfield><subfield code="0">(OCoLC)fst01204928</subfield></datafield><datafield ind1=" " ind2="7" tag="651"><subfield code="a">California</subfield><subfield code="z">Berkeley.</subfield><subfield code="2">fast</subfield><subfield code="0">(OCoLC)fst01205020</subfield></datafield><datafield ind1=" " ind2="7" tag="651"><subfield code="a">United States.</subfield><subfield code="2">fast</subfield><subfield code="0">(OCoLC)fst01204155</subfield></datafield><datafield ind1=" " ind2="7" tag="648"><subfield code="a">1960 - 1980</subfield><subfield code="2">fast</subfield></datafield><datafield ind1=" " ind2="7" tag="655"><subfield code="a">Newspapers.</subfield><subfield code="2">fast</subfield><subfield code="0">(OCoLC)fst01423814</subfield></datafield><datafield ind1=" " ind2=" " tag="752"><subfield code="a">United States</subfield><subfield code="b">California</subfield><subfield code="c">Alameda</subfield><subfield code="d">Berkeley.</subfield></datafield><datafield ind1="1" ind2=" " tag="029"><subfield code="a">AU@</subfield><subfield code="b">000021431088</subfield></datafield></record>